@book{Anderson2008sea,
  author={Anderson, Ross J.},
  title={Security Engineering},
  subtitle={A guide to building dependable distributed systems},
  publisher={Wiley},
  address={Indianapolis, IN},
  year={2008},
  edition={2},
  ISBN={978-0-470-06852-6 (hbk.)},
  URL={http://www.cl.cam.ac.uk/~rja14/book.html},
  keywords={IT-s{\"a}kerhet},
}
@article{Shannon1948amt,
  author={Shannon, C. E.},
  title={A Mathematical Theory of Communication},
  journal={The Bell System Technical Journal},
  volume={27},
  pages={379--423, 623--656},
  month={7-8},
  year={1948},
}
@misc{SAOL,
  shorthand={SAOL},
  author={{Svenska Akademien}},
  title={{SAOL} på nätet},
  note={Hämtad den 24 februari 2012},
  URL={http://www.svenskaakademien.se/svenska_spraket/svenska_akademiens_ordlista/saol_pa_natet},
}
@unpublished{Fisher2011rsa,
	author={Fisher, Dennis},
	title={{RSA}: {SecurID} Attack Was Phishing Via an {Excel} Spreadsheet},
	publisher={threat post},
	note={Publicerad den 1 april 2011},
	URL={https://threatpost.com/en_us/blogs/rsa-securid-attack-was-phishing-excel-spreadsheet-040111},
}
@misc{Hunt2011abs,
  author={Hunt, Troy},
  title={A brief {Sony} password analysis},
  year={2011},
  month={jun},
  URL={http://www.troyhunt.com/2011/06/brief-sony-password-analysis.html},
}
@misc{Honan2012haa,
  author={Honan, Mat},
  title={How {Apple} and {Amazon} Security Flaws Led to My Epic Hacking},
  year={2012},
  month={aug},
  URL={http://www.wired.com/threatlevel/2012/08/mat-hacked/},
}
@misc{Zetter2012hnt,
  author={Zetter, Kim},
  title={How Not to Become {Mat Honan}: A Short Primer on Online Security},
  year={2012},
  month={aug},
  URL={http://www.wired.com/threatlevel/2012/08/how-not-to-become-mat-honan/},
}
@misc{Cluley2012twp,
  author={Cluley, Graham},
  title={The worst passwords you could ever choose exposed by {Yahoo Voices}
    hack},
  year={2012},
  month={jul},
  URL={http://nakedsecurity.sophos.com/2012/07/13/yahoo-voices-poor-passwords/},
}
@misc{Oberheide2010bao,
  author={Oberheide, Jon},
  title={Brief analysis of the Gawker password dump},
  year={2010},
  month={dec},
  URL={https://blog.duosecurity.com/2010/12/brief-analysis-of-the-gawker-password-dump/}
}
@misc{Cubrilovic2009rhf,
  author={Cubrilovic, Nik},
  title={{RockYou Hack: From Bad to Worse}},
  year={2009},
  month={dec},
  URL={http://techcrunch.com/2009/12/14/rockyou-hack-security-myspace-facebook-passwords/},
}

@misc{Lindkvist2012tdf,
  author={Lindkvist, Ida},
  title={Tietohaveriet -- dag för dag},
  year={2012},
  month={feb},
  day={22},
  publisher={Computer Sweden},
  URL={https://computersweden.idg.se/2.2683/1.434018/tietohaveriet---dag-for-dag},
}

@misc{Register2011bjr,
  author={{Team Register}},
  title={{BA} jihadist relied on Jesus-era encryption},
  year={2011},
  month={mar},
  URL={http://www.theregister.co.uk/2011/03/22/ba_jihadist_trial_sentencing/},
}
@misc{Roberts2012wia,
	author={Roberts, Paul},
	title={Wayward {Instagram} account creates security scare for {Norwegian} 
		Royal family},
	year={2012},
	month={aug},
	URL={http://nakedsecurity.sophos.com/2012/08/23/instagram-norway-royals/},
}
@misc{Brading2012tpl,
	author={Brading, Anna},
	title={Twitter + location = {WeKnowYourHouse}},
	year={2012},
	month={aug},
	URL={http://nakedsecurity.sophos.com/2012/08/15/twitter-location-weknowyourhouse/},
}
@misc{Kamkar2010him,
	author={Kamkar, Samy},
	title={How {I} Met Your Girlfriend},
	year={2010},
	note={F{\"o}rel{\"a}sning, DefCon18. URL:
		del 1 -- \url{http://www.youtube.com/watch?v=fEmO7wQKCMw},
		del 2 -- \url{http://www.youtube.com/watch?v=2ctRfWnisSk},
		del 3 -- \url{http://www.youtube.com/watch?v=vJtmZZGcR54}.},
}

@misc{Eckersley2010apo,
  author={Eckersley, Peter},
  title={A Primer on Information Theory and Privacy},
  year={2010},
  month={jan},
  URL={https://www.eff.org/deeplinks/2010/01/primer-information-theory-and-privacy},
}
@inproceedings{Eckersley2010hui,
  author={Eckersley, Peter},
  title={How Unique Is Your Browser?},
  booktitle={Privacy Enhancing Technologies},
  pages={1--18},
  year={2010},
  organization={Springer},
}

@unpublished{Ueltschi2013se,
  author={Ueltschi, Daniel},
  title={Chapter 6: Shannon entropy},
  URL={http://www.ueltschi.org/teaching/chapShannon.pdf},
}

@article{Pan2007igw,
  author={Pan, B. and
    Hembrooke, H. and
    Joachims, T. and
    Lorigo, L. and
    Gay, G. and
    Granka, L.},
  title={In {Google} we trust: Users' decisions on rank, position, and 
    relevance},
  journal={Journal of Computer-Mediated Communication},
  volume={12},
  number={3},
  URL={http://jcmc.indiana.edu/vol12/issue3/pan.html},
}
@techreport{Epstein2013dar,
  author={Epstein, Robert and
    Robertson, Ronald E.},
  title={Democracy at risk: Manipulating search rankings can shift voting 
    preferences substatially without voter awareness},
  institution={American Institute for Behavioural Research and Technology},
  year={2013},
  URL={http://aibrt.org/downloads/EPSTEIN_and_Robertson_2013-Democracy_at_Risk-APS-summary-5-13.pdf},
}

@unpublished{Nakamoto2008bap,
  author={Nakamoto, Satoshi},
  title={Bitcoin: A Peer-to-peer Electronic Cash System},
  year={2008},
  URL={http://bitcoin.org/bitcoin.pdf},
}
@incollection{Barber2012btb,
  title={Bitter to Better--How to Make Bitcoin a Better Currency},
  author={Barber, Simon and Boyen, Xavier and Shi, Elaine and Uzun, Ersin},
  booktitle={Financial Cryptography and Data Security},
  pages={399--414},
  year={2012},
  publisher={Springer}
}
@misc{Peck2012btc,
  title={Bitcoin: The Cryptoanarchists' Answer to Cash},
  author={Peck, Morgen E.},
  year={2012},
  month={jun},
  howpublished={IEEE Spectrum},
  URL={http://spectrum.ieee.org/computing/software/bitcoin-the-cryptoanarchists-answer-to-cash/0},
}
@misc{Kaminsky2013lct,
  author={Kaminsky, Dan},
  title={Let's Cut Through the {Bitcoin} Hype: A Hacker--Entrepreneur's Take},
  year={2013},
  month={may},
  howpublished={Wired},
  URL={http://www.wired.com/opinion/2013/05/lets-cut-through-the-bitcoin-hype/},
}

@misc{xkcd906,
  author={xkcd},
  title={Adertising Discovery},
  URL={https://xkcd.com/906/},
}
@misc{xkcd936,
  author={xkcd},
  title={Password Strength},
  URL={https://xkcd.com/936/},
}
@misc{xkcd792,
  author={xkcd},
  title={Password Reuse},
  URL={https://xkcd.com/792/},
}
@misc{xkcd538,
  author={xkcd},
  title={Security},
  URL={https://xkcd.com/538/},
}

@misc{LucksMD5,
	author={Daum, Magnus and Lucks, Stefan},
  title={Hash Collisions (The Poisoned Mesage Attack): ''The Story of {Alice} 
    and her Boss''},
	note={Hämtat 10 oktober 2012},
	URL={http://th.informatik.uni-mannheim.de/people/lucks/HashCollisions/},
}

@techreport{Syverson2001tlo,
  author={Syverson, Paul and
    Cervesato, Iliano},
  title={The Logic of Authentication Protocols},
  institution={Carnegie Mellon University},
  type={Computer Science Department},
  number={37},
  year={2001},
  URL={http://repository.cmu.edu/compsci/37},
}
@article{BAN90alo,
  author={Burrows, Michael and
    Abadi, Martin and
    Needham, Roger},
  title={A logic of authentication},
  journal={ACM Transactions on Computer Systems (TOCS)},
  volume={8},
  number={1},
  month={feb},
  year={1990},
  URL={https://dl.acm.org/citation.cfm?id=77649},
}

@phdthesis{Bonneau2012ghs,
  author={Bonneau, Joseph},
  title={Guessing human-chosen secrets},
  year={2012},
  month={may},
  school={University of Cambridge},
  URL={http://www.cl.cam.ac.uk/~jcb82/doc/2012-jbonneau-phd_thesis.pdf},
}
@inproceedings{Bonneau2012sog,
  author={Bonneau, Joseph},
  title={The science of guessing:
    analyzing an anonymized corpus of 70 million passwords},
  booktitle={{IEEE Symposium on Security and Privacy}},
  year={2012},
  URL={http://www.cl.cam.ac.uk/~jcb82/doc/B12-IEEESP-analyzing_70M_anonymized_passwords.pdf},
}
@inproceedings{Bonneau2012lpo,
  author={Bonneau, Joseph and Shutova, Ekaterina},
  title={Linguistic properties of multi-word passwords},
	booktitle={{USEC}},
  year={2012},
  URL={http://www.cl.cam.ac.uk/~jcb82/doc/BS12-USEC-passphrase_linguistics.pdf},
}
@techreport{Kuo2006hso,
  author={Kuo, Cynthia and Romanosky, Sasha and Cranor, Lorrie Faith},
  title={{Human Selection of Mnemonic Phrase-based Passwords}},
  institution={Institute of Software Research},
  number={36},
  year={2006},
  URL={http://repository.cmu.edu/isr/36/},
}
@inproceedings{Juels2012sha,
	author={Juels, Ari and Yen, Ting-Fang},
	title={{Sherlock Holmes and The Case of the Advanced Persistent Threat}},
	booktitle={{LEET}},
	year={2012},
	URL={https://www.rsa.com/rsalabs/staff/bios/ajuels/publications/SherlockHolmes.pdf},
}
@inproceedings{Komanduri2011opa,
  author={Komanduri, Saranga and
		Shay, Richard and
		Kelley, Patrick Gage and
		Mazurek, Michelle L. and
		Bauer, Lujo and
		Christin Nicolas and
		Cranor, Lorrie Faith and
		Egelman, Serge},
	title={Of passwords and people:
		Measuring the effect of password-composition policies},
	booktitle={CHI},
	year={2011},
	URL={http://cups.cs.cmu.edu/rshay/pubs/passwords_and_people2011.pdf},
}
@inproceedings{Anderson2012mtc,
  author={Anderson, Ross and
    Barton, Chris and
    Böhme, Rainer and
    Clayton, Richard and
    van Eeten, Michel J.G. and
    Levi, Michael and
    Moore, Tyler and
    Savage, Stefan},
  title={Measuring the Cost of Cybercrime},
  booktitle={WEIS},
  year={2012},
  URL={http://weis2012.econinfosec.org/papers/Anderson_WEIS2012.pdf},
}
@inproceedings{Anderson2008ise,
  author={Anderson, Ross and
    Moore, Tyler},
  title={Information security economics - and beyond},
  booktitle={CRYPTO'07 Proceedings of the 27th annual international cryptology 
    conference on Advances in cryptology},
  pages={68--91},
  year={2007},
}
@inproceedings{Anderson2012sah,
  author={Kim, Hyoungshick and
    Tang, John and
    Anderson, Ross},
  title={Social Authentication: Harder than it looks},
  booktitle={Financial Cryptography},
  year={2012},
  URL={http://www.cl.cam.ac.uk/~rja14/Papers/socialauthentication.pdf},
}
@article{Anderson2012hcs,
  author={Murdoch, Steven J. and
    Bond, Mike and
    Anderson, Ross},
  title={How Certification Systems Fail: Lessons from the Ware Report},
  journal={IEEE Security \& Privacy},
  volume={10},
  number={6},
  pages={40--44},
  month={Nov-Dec},
  year={2012},
  URL={http://www.cl.cam.ac.uk/~rja14/Papers/ieeesp12warereport.pdf},
}
@article{Anderson2012cpi,
  author={Kim, Hyoungshick and
    Tang, John and
    Anderson, Ross and
    Mascolo, Cecilia},
  title={Centrality prediction in dynamic human contact networks},
  journal={Computer Networks},
  volume={56},
  number={3},
  month={feb},
  year={2012},
  pages={983--996},
  URL={http://www.cl.cam.ac.uk/~rja14/Papers/computernets12.pdf},
}
@inproceedings{Braz2006sau,
  author={Braz, Christina and
    Robert, Jean-Marc},
  title={Security and Usability: The Case of the User Authentication Methods},
  booktitle={HCI},
  year={2006},
  URL={http://brazc.uqam.ca/paperIHM06.pdf},
}
@inproceedings{Braz2010duy,
  author={Braz, Christina and
    Porrier, Pierre and
    Seffah, Ahmed},
  title={Designing Usable, Yet Secure User Authentication Service: The 
    Cognitive Dimension},
  booktitle={e-Review of Tourism Research},
  year={2010},
  URL={http://ertr.tamu.edu/files/2013/02/22-p110f.pdf},
}
@inproceedings{Cranor2012sus,
  author={Ur, Blase and
    Leon, Pedro Giovanni and
    Cranor, Lorrie Faith and
    Shay, Richard and
    Wang, Yang},
  title={Smart, Useful, Scary, Creepy: Perceptions of Online Behavioral 
    Advertising},
  booktitle={Symposium On Usable Privacy and Security},
  month={jul},
  year={2012},
  URL={http://cups.cs.cmu.edu/soups/2012/proceedings/a4_Ur},
}
@inproceedings{Felt2012apu,
  author={Porter Felt, Adrienne and
    Ha, Elizabeth and
    Egelman, Serge and
    Haney, Ariel and
    Chin, Erika and
    Wagner, David},
  title={Android Permissions: User Attention, Comprehension, and Behavior},
  booktitle={Symposium On Usable Privacy and Security},
  month={jul},
  year={2012},
  URL={http://www.cs.berkeley.edu/~afelt/felt-androidpermissions-soups.pdf},
}
@article{Dwork2011aff,
  author={Dwork, Cynthia},
  title={A Firm Foundation for Private Data Analysis},
  journal={Communications of the ACM},
  volume={54},
  number={1},
  month={jun},
  year={2011},
  URL={https://research.microsoft.com/apps/pubs/?id=116123},
}
@inproceedings{Dingledine2004tts,
  author={Dingledine, Roger and
    Mathewson, Nick and
    Syverson, Paul},
  title={Tor: The Second-Generation Onion Router},
  booktitle={Proceedings of the 13th USENIX Security Symposium},
  year={2004},
  month={aug},
  pages={303--320},
  URL={http://static.usenix.org/event/sec04/tech/dingledine.html},
}
@inproceedings{Dingledine2006alc,
  author={Dingledine, Roger and
    Mathewson, Nick},
  title={Anonymity Loves Company: Usability and the Network Effect},
  booktitle={Workshop on the Economics of Information Security},
  year={2006},
  URL={http://weis2006.econinfosec.org/docs/41.pdf},
}

@unpublished{Bosk2013gl,
	author={Bosk, Daniel},
	title={Grundl{\"a}ggande l{\"o}senordsanalys},
	year={2013},
  URL={http://ver.miun.se/courses/infosakc/compendii/pwdanalysis.pdf},
}
@unpublished{Bosk2013itn,
  author={Bosk, Daniel},
  title={Introduktion till några klassiska chiffer},
  year={2013},
  URL={http://ver.miun.se/courses/infosakc/compendii/krypto.pdf},
}
